<?xml version="1.0" encoding="UTF-8"?><collection xmlns="http://www.loc.gov/MARC21/slim"><record><leader>00511nam--2200193-u-4500</leader><controlfield tag="001">000055109</controlfield><controlfield tag="002">20161230</controlfield><controlfield tag="005">20161230201052</controlfield><controlfield tag="008">121101s1000------------r-----000-0-rus-d</controlfield><datafield ind1=" " ind2=" " tag="040"><subfield code="a">IFIN-HH</subfield></datafield><datafield ind1=" " ind2=" " tag="041"><subfield code="a">rus</subfield></datafield><datafield ind1=" " ind2=" " tag="080"><subfield code="a">538.958</subfield></datafield><datafield ind1="1" ind2=" " tag="100"><subfield code="a">Iurcenko, E.N</subfield></datafield><datafield ind1="1" ind2="0" tag="245"><subfield code="a">Kolebatelnie spektri neorganiceskih soedinenii</subfield><subfield code="c">E.n. iurcenko, g.n. kustova, s.s. batanov</subfield></datafield><datafield ind1=" " ind2=" " tag="260"><subfield code="a">Novosibirsk</subfield><subfield code="b">Nauka</subfield><subfield code="c">1981</subfield></datafield><datafield ind1=" " ind2=" " tag="300"><subfield code="a">143P</subfield></datafield><datafield ind1="1" ind2=" " tag="700"><subfield code="a">Batanov, S.S</subfield></datafield><datafield ind1=" " ind2=" " tag="852"><subfield code="a">49530</subfield><subfield code="c">539.2</subfield></datafield><datafield ind1=" " ind2=" " tag="CAT"><subfield code="a">Sys</subfield><subfield code="c">20121101</subfield><subfield code="h">164723</subfield></datafield></record></collection>